<?xml version="1.0" encoding="UTF-8"?><collection xmlns="http://www.loc.gov/MARC21/slim"><record><leader>00462nam--2200193-u-4500</leader><controlfield tag="001">000052305</controlfield><controlfield tag="002">20161230</controlfield><controlfield tag="005">20161230201050</controlfield><controlfield tag="008">100616s1000------------r-----000-0-rus-d</controlfield><datafield ind1=" " ind2=" " tag="040"><subfield code="a">IFIN-HH</subfield></datafield><datafield ind1=" " ind2=" " tag="041"><subfield code="a">rus</subfield></datafield><datafield ind1=" " ind2=" " tag="080"><subfield code="a">519.21</subfield></datafield><datafield ind1="1" ind2=" " tag="100"><subfield code="a">Kemeni, J</subfield></datafield><datafield ind1="1" ind2="0" tag="245"><subfield code="a">Scetnie tepi Markova</subfield><subfield code="c">J. Kemeni ; J. Snell ; A. Knell</subfield></datafield><datafield ind1=" " ind2=" " tag="260"><subfield code="a">Moskva</subfield><subfield code="b">Nauka</subfield><subfield code="c">1987</subfield></datafield><datafield ind1=" " ind2=" " tag="300"><subfield code="a">414 p</subfield></datafield><datafield ind1="1" ind2=" " tag="700"><subfield code="a">Knell, A</subfield></datafield><datafield ind1=" " ind2=" " tag="852"><subfield code="a">74592</subfield><subfield code="c">519.2</subfield></datafield><datafield ind1=" " ind2=" " tag="CAT"><subfield code="a">Sys</subfield><subfield code="c">20100616</subfield><subfield code="h">130055</subfield></datafield></record></collection>